@misc{CHUMS, title={Care homes' use of medicines study: prevalence, causes and potential harm of medication errors in care homes for older people}, url={http://qualitysafety.bmj.com/content/18/5/341}, journal={BMJ Quality & Safety}, publisher={BMJ Publishing Group Ltd}, author={Barber, N D and Alldred, D P and Raynor, D K and Dickinson, R and Garfield, S and Jesson, B and Lim, R and Savage, I and Standage, C and Buckle, P and et al.}, year={2009}, month={Oct}}

@misc{NHS, title={NHS Vacancy Statistics England}, url={http://digital.nhs.uk/catalogue/PUB30033}, journal={NHS Choices}, publisher={NHS}, year={2017}, month={Jul}}